@article{asyncProgramming,
    author  = "Pantazis, Deligiannis and Alastair, F. Donaldson and Jeroen, Ketema and Akash, Lal and Paul, Thomson",
    title   = "Asynchronous Programming, Analysis and Testing with State Machines",
    year    = "2015",
    journal = "ACM",
    volume  = "",
    number  = "",
    pages   = ""
}

@article{paperAsyncMobile,
    author  = "Danny, Dig",
    title   = "Refactoring for Asynchronous Execution on Mobile",
    year    = "2015",
    journal = "IEEE Software",
    volume  = "",
    number  = "",
    pages   = ""
}

@article{promisesDef,
    author  = "Mark S., Miller and E. Dean, Tribble and Jonathan, Shapiro",
    title   = "Concurrency Among Strangers",
    year    = "2005",
    journal = "Springer-Verlag Berlin Heidelberg 2005",
    volume  = "",
    number  = "",
    pages   = ""
}

@article{paperStudyRefactoring,
    author  = "Danny, Dig and Yu Lin, Semih Okur",
    title   = "Study and Refactoring of Android Asynchronous Programming",
    year    = "2015",
    journal = "IEEE Software",
    volume  = "",
    number  = "",
    pages   = ""
}

@article{lambdaficator,
    author  = "Danny, Dig and Lyle, Franklin and Alex, Gyori and Jan, Lahoda",
    title   = "LAMBDAFICATOR: From Imperative to Functional Programming through Automated Refactoring",
    year    = "2013",
    journal = "IEEE Software",
    volume  = "",
    number  = "",
    pages   = ""
}

@article{paperFlapjax,
    author  = "Leo A., Meyerovich and Arjun, Guha and Jacob, Baskin and Gregory H., Cooper and Michael, Greenberg and Aleks, Bromfield and Shriram, Krishnamurthi",
    title   = "Flapjax: A Programming Language for Ajax Applications",
    year    = "2009",
    journal = "Brown University Tech Report CS-09-04",
    volume  = "",
    number  = "",
    pages   = ""
}

@article{paperRetrofittingConcurrency,
    author  = "Yu, Lin and Cosmin, Radoi and Danny, Dig",
    title   = "Retrofitting concurrency for Android applications through refactoring",
    year    = "2014",
    journal = "FSE'14",
    volume  = "",
    number  = "",
    pages   = ""
}


@article{paperReactiveComprehension,
    author  = "Guido, Salvaneschi and Sven, Amann and Sebastian, Proksch and Mira, Mezini",
    title   = "An Empirical Study on Program Comprehension with Reactive Programming",
    year    = "2014",
    journal = "ACM SIGSOFT Symposium on the Foundations of Software Engineering (FSE)",
    volume  = "",
    number  = "",
    pages   = ""
}


@phdthesis{thesisRefactoringFrameworks,
    author  = "William F., Opdyke",
    title   = "Refactoring Object-Oriented Frameworks",
    year    = "1992",
    school = "University of Illinois at Urbana-Champaign",
    volume  = "",
    number  = "",
    pages   = ""
}

@mastersthesis{thesisJavaScript,
    author  = "Keheliya, Gallaba",
    title   = "Characterizing and Refactoring Asynchronous JavaScript Callbacks",
    year    = "2015",
    school = "The University of British Columbia",
    volume  = "",
    number  = "",
    pages   = ""
}

@mastersthesis{thesisRxFactor,
    author  = "Ramachandra, Kamath Arbettu",
    title   = "Automatic Refactoring of Android Application to Reactive Programming",
    year    = "2017",
    school = "Technical University of Darmstadt",
    volume  = "",
    number  = "",
    pages   = ""
}

@book{bookLearningReactive,
    author    = "Nickolay, Tsvetinov",
    title     = "Learning Reactive Programming with Java 8",
    year      = "2013",
    publisher = "Elsevier",
    address   = "225 Wyman Street, Waltham, MA 02451, USA"
}

@book{bookDataRaces,
  title={Detecting Data Races by Analyzing Sequential Traces},
  author={Helmbold, D. and McDowell, C.E. and Wang, C. and University of California, Santa Cruz. Computer Research Laboratory},
  series={Technical report (University of California, Santa Cruz. Computer Research Laboratory)},
  year={1990},
  publisher={University of California, Santa Cruz, Computer Research Laboratory}
}

@book{bookDesignPatterns,
 author = {Gamma, Erich and Helm, Richard and Johnson, Ralph and Vlissides, John},
 title = {Design Patterns: Elements of Reusable Object-oriented Software},
 year = {1995},
 isbn = {0-201-63361-2},
 publisher = {Addison-Wesley Longman Publishing Co., Inc.},
 address = {Boston, MA, USA}
} 

@book{bookFunctionalProgramming,
 author = {Michaelson, Greg},
 title = {An  Introduction to Functional Programming Through Lambda Calculus},
 year = {1989},
 isbn = {0201178125},
 edition = {1st},
 publisher = {Addison-Wesley Longman Publishing Co., Inc.},
 address = {Boston, MA, USA}
} 

@book{bookEventDrivenProgramming,
 author = {Kingsley-Hughes, Adrian and Kingsley-Hughes, Kathie and Read, Daniel},
 title = {VBScript Programmer's Reference},
 year = {2007},
 isbn = {9780470168080},
 edition = {3rd},
 publisher = {Wrox Press Ltd.},
 address = {Birmingham, UK, UK}
} 

@book{bookFunctionalProgrammingScala,
 author = {Hunt, John},
 title = {A Beginner's Guide to Scala, Object Orientation and Functional Programming},
 year = {2014},
 isbn = {3319067753, 9783319067759},
 publisher = {Springer Publishing Company, Incorporated}
} 

@book{bookJava8Streams,
 author = {Warburton, Richard},
 title = {Java 8 Lambdas: Pragmatic Functional Programming},
 year = {2014},
 isbn = {1449370772, 9781449370770},
 edition = {1},
 publisher = {O'Reilly Media, Inc.}
}

@book{bookAST,
 author = {Louden, Kenneth C.},
 editor = {Adams, Patricia},
 title = {Programming Languages: Principles and Practice},
 year = {1993},
 isbn = {0534932770},
 publisher = {Wadsworth Publ. Co.},
 address = {Belmont, CA, USA}
} 
 
@book{digitalDesign,
    author    = "David Money Harris \& Sarah L. Harris",
    title     = "Digital Design and Computer Architecture",
    year      = "2015",
    publisher = "Packt Publishing Ltd.",
    address   = "Livery Place, 35 Livery Street, Birmingham B3 2PB, UK"
}

@misc{uiSingleThreaded,
  title = {Why are GUIs Single-threaded? (2007)},
  howpublished = {\url{http://codeidol.com/java/java-concurrency/GUI-Applications/Why-are-GUIs-Single-threaded/}},
  note = {Accessed: 2016-11-24}
}

@misc{ulrAndroidThread,
  author = Android,
  title = {Android: Specifying the Code to Run on a Thread},
  howpublished = {\url{https://developer.android.com/training/multiple-threads/define-runnable.html}},
  note = {\\Accessed: 2016-11-20}
}

@misc{ulrAndroidAsyncTask,
  author = Android,
  title = {Android: AsyncTask},
  howpublished = {\url{https://developer.android.com/reference/android/os/AsyncTask.html}},
  note = {\\Accessed: 2016-11-20}
}

@misc{urlFlapjaxDemo,
  title = {Flapjax Demos},
  howpublished = {\url{http://www.flapjax-lang.org/demos/}},
  note = {\\Accessed: 2016-11-24}
}

@misc{ageraObsUpd,
  author = Agera,
  title = {Agera: Observables and Updatables},
  howpublished = {\url{https://github.com/google/agera/wiki/Observables-and-updatables#threading}},
  note = {\\Accessed: 2016-11-24}
}

@misc{reactiveX,
  title = {ReactiveX},
  howpublished = {\url{http://reactivex.io/intro.html}},
  note = {\\Accessed: 2016-11-27}
}

@misc{rxJava,
  title = {RxJava: How to use RxJava},
  howpublished = {\url{https://github.com/ReactiveX/RxJava/wiki/How-To-Use-RxJava}},
  note = {\\Accessed: 2016-11-28}
}

@misc{rxJavaBackpressure,
  title = {RxJava: How to use RxJava},
  howpublished = {\url{https://github.com/ReactiveX/RxJava/wiki/How-To-Use-RxJava}},
  note = {\\Accessed: 2017-01-11}
}

@misc{agera,
  author = Agera,
  title = {Agera: Reactive Programming for Android},
  howpublished = {\url{https://github.com/google/agera}},
  note = {\\Accessed: 2016-11-27}
}

@misc{learnasync,
  author = learnasync,
  title = {A Study and Toolkit for Asynchronous Programming in C\#},
  howpublished = {\url{http://www.learnasync.net/}},
  note = {\\Accessed: 2016-11-27}
}

@misc{swingworkerapi,
  author = oracle,
  title = {SwingWorker API},
  howpublished = {\url{https://docs.oracle.com/javase/7/docs/api/javax/swing/SwingWorker.html}},
  note = {\\Accessed: 2017-01-11}
}

@misc{promises,
  author = promises,
  title = {Promises},
  howpublished = {\url{https://www.promisejs.org/}},
  note = {\\Accessed: 2016-11-27}
}

@misc{promisesSpring,
  author = spring,
  title = {Spring: Understanding JavaScript Promises},
  howpublished = {\url{https://spring.io/understanding/javascript-promises}},
  note = {\\Accessed: 2016-11-27}
}

@misc{eclipse,
  author = Eclipse,
  title = {Eclipse: Refator Actions},
  howpublished = {\url{http://help.eclipse.org/juno/index.jsp?topic=\%2Forg.eclipse.jdt.doc.user\%2Fconcepts\%2Fconcept-refactoring.htm}},
  note = {\\Accessed: 2016-11-27}
}

@misc{freeMarker,
  author = FreeMarker,
  title = {FreeMarker: Template Engine},
  howpublished = {\url{http://freemarker.org/}},
  note = {\\Accessed: 2017-01-13}
}

@misc{intelliJ,
  author = IntelliJ,
  title = {IntelliJ: Refactoring Source Code},
  howpublished = {\url{https://www.jetbrains.com/help/idea/2016.1/refactoring-source-code.html}},
  note = {\\Accessed: 2016-11-27}
}

@misc{pdeEclipse,
  author = Eclipse,
  title = {Eclipse: PDE (Plug-in Development Environment)},
  howpublished = {\url{http://www.eclipse.org/pde/}},
  note = {\\Accessed: 2017-02-31}
}
